@article{AA07,
  author={Abdel-Malek, L.L. and Areeratchakul, N.},
  year={2007},
  title={A quadratic programming approach to the multi-product newsvendor problem with side constraints},
  journal={Eur.\ J.\ Oper.\ Res.},
  volume={176},
  pages={1607--1619}
}

@article{AM05,
  author={Abdel-Malek, L.L. and Montanari, R.},
  year={2005},
  title={An analysis of the multi-product newsboy problem with a budget constraint},
  journal={Int.\ J.\ Prod.\ Econ.},
  volume={97},
  pages={296--307}
}

@article{BAA99,
  author={Bassok, Y. and Anupindi, R. and Akella, R.},
  year={1999},
  title={Single-period multiproduct inventory models with substitution},
  journal={Oper.\ Res.},
  volume={47},
  pages={632--642}
}

@article{Be55,
  author={Beale, E.M.L.},
  year={1955},
  title={On minimizing a convex function subject to linear inequalities},
  journal={J.\ Royal Stat.\ Soc.},
  volume={17},
  pages={173--184}
}

@article{BR93,
  author={Ben-Daya, M. and Raouf, A.},
  year={1993}, 
  title={On the constrained multi-item single-period inventory problem},
  journal={Int.\ J.\ Oper.\ Prod.\ Mgmt},
  volume={13},
  pages={104--112}
}

@book{BL11,
  author={Birge, J.R. and Louveaux, F.},
  year={2011},
  title={Introduction to Stochastic Programming},
  address={New York},
  publisher={Springer},
  edition = 2
}

@book{Ch12,
  author = {Choi, T.-M.},
  year = {2012},
  title = {Handbook of Newsvendor Problems},
  address = {New York},
  publisher = {Springer}
}

@article{Da55,
  author={Dantzig, G.B.},
  year={1955},
  title={Linear programming under uncertainty},
  journal={Mgmt.\ Sci.},
  volume={1},
  pages={197--206}
}

@book{Da98,
  author={Dantzig, G.B.},
  year={1998},
  title={Linear Programming and Extensions},
  address={Princeton, NJ},
  publisher={Princeton University Press}
}

@article{De20,
  author={De Yong, G.D.},
  year={2020},
  title={The price-setting newsvendor: review and extensions},
  journal={Int.\ J.\ Prod.\ Res.},
  volume={58},
  pages={1776--1804}
}
 
@book{FC13,
  author={Frank, R.H. and Cartwright, E.},
  year={2008},
  title={Microeconomics and Behavior},
  address={Boston, MA},
  publisher={McGraw-Hill}
}

@article{GR12,
  author={Glock, C.H. and Ries, J.M.},
  year={2012},
  title={Channel coordination and variance reduction in a newsvendor setting},
  journal={Int.\ J.\ Serv.\ Oper.\ Mgmt.},
  volume={12},
  pages={269--288}
}

@book{HW63,
  author={Hadley, G. and Whitin, T.M.},
  year={1963},
  title={Analysis of Inventory Systems},
  address={Englewood Cliffs, NJ},
  publisher={Prentice-Hall}
}

@Article{HPQ99,
  author={Henneberry, S.R. and Piewthongngam, K. and Qiang, H.},
  year=1999,
  title={Consumer food safety concerns and fresh produce consumption},
  journal={J.\ Agric.\ Resource Econ.},
  volume={24},
  pages={1--16}
}

@book{KW94,
  author={Kall, P. and Wallace, S.W.},
  year={1994},
  title={Stochastic Programming},
  address={Chichester},
  publisher={Wiley}
}

@article{KR03,
  author={Khouja, M. and Robbins, S.S.},
  year={2003},
  title={Linking advertising and quantity decisions in the single-period inventory model},
  journal={Int.\ J.\ Prod.\ Econ.},
  volume={86},
  pages={93--105}
}

@article{KS14,
  author={Kumar, R. and Srivastava, S.K.},
  year={2014},
  title={A framework for improving `sales and operations planning'},
  journal={Metamorphosis},
  volume={13},
  pages={16--25}
}

@article{LL95,
  author={Lau, H.-S. and Hing-Ling Lau, A.},
  year={1995},
  title={The multi-product multi-constraint newsboy problem: applications, formulation and solution},
  journal={J.\ Oper.\ Mgmt.},
  volume={13},
  pages={153--162}
}

@TechReport{LC03,
  author={Liu, K.E. and Chern, W.S.},
  year=2003,
  title={Food demand in urban {C}hina: an application of a multi-stage
  censored demand system},
  institution = {Department of Agricultural, Environmental and Development
 Economics, Ohio State University}
}

@article{PD99,
  author={Petruzzi, N.C. and Dada, M.},
  year={1999},
  title={Pricing and the newsvendor problem: A review with extensions},
  journal={Operations Research},
  volume={47},
  pages={183--194}
}

@book{Po02,
  author = {Porteus, E. L.},
  year = {2002},
  title = {{Foundations of Stochastic Inventory Theory}},
  publisher = {Stanford Business Books},
  address = {Stanford, CA}
}

@incollection{Ro03,
  author={R\"omisch, W.},
  year={2003},
  title={Stability of stochastic programming problems},
  editor={Ruszczynski, A. and Shapiro, A.},
  booktitle={Stochastic Programming},
  pages="483--554",
  address = {Amsterdam},
  publisher = {Elsevier}
  }

@book{RS03,
  editor={Ruszczynski, A. and Shapiro, A.},
  year={2003},
  title={Stochastic Programming},
  address={Amsterdam},
  publisher={Elsevier}
}

@article{Sh15,
  author={Shin, H. and Park, S. and Lee, E. and Benton, W.C.},
  year={2015},
  title={A classification of the literature on the planning of substitutable products},
  journal={European Journal of Operational Research},
  volume={246},
  pages={686--699}
}

@article{Th12,
  author = {Thom\'e, A.M.T. and Scavarda, L.F. and Fernandez, N.S.
  and Scavarda, A.J.},
  year = {2012},
  title = {Sales and operations planning: a research synthesis},
  journal = {Int.\ J.\ Prod.\ Econ.},
  volume = {138},
  pages = {1--13}
}

@incollection{Tu12,
  author={Turken, N. and Tan, Y. and Vakharia, A.J. and Wang, L.
  and Wang, R. and Yenipazarli, A.},
  year={2012},
  title={The multi-product newsvendor problem: review, extensions, and
  directions for future research},
  editor={Choi, T.-M.},
  bookTitle={Handbook of Newsvendor Problems},
  pages="3--39",
  address = {New York},
  publisher = {Springer}
}

@book{Va20,
  author={Vanderbei, R.J.},
  year={2020},
  title={Linear Programming: Foundations and Extensions},
  edition={5},
  address={Cham, Switzerland},
  publisher={Springer Nature}
}

@article{VD99,
  author = {Vickner, S. and Davies, S.},
  year = {1999},
  title = {Estimating market power and pricing conduct in a product-differentiated oligopoly: the case of the domestic spaghetti
  sauce industry},
  journal = {J.\ Agric.\ Appl.\ Econ.},
  volume = {31},
  pages = {1-13}
}

@article{We85,
  author={Wendell, R.E.},
  year={1985},
  title={The tolerance approach to sensitivity analysis in linear programming},
  journal={Mgmt.\ Sci.},
  volume={31},
  pages={564--578}
}

@article{We84,
  author={Wets, R.J.-B.},
  year={1984},
  title={Solving stochastic programs with simple recourse},
  journal={Stochastics},
  volume={10},
  pages={219--242}
}

@article{ZXH09,
  author={Zhang, B. and Xu, X. and Hua, Z.},
  year={2009},
  title={A binary solution method for the multi-product newsboy problem with budget constraint},
  journal={Int.\ J.\ Prod.\ Econ.},
  volume={117},
  pages={136--141}
}

@article{ZXS20,
  author={Zhang, J. and Xie, W. and Sarin, S.C.},
  year={2020},
  title={Multiproduct newsvendor problem with customer-driven demand substitution: A stochastic integer program perspective},
  journal={INFORMS Journal on Computing}
}

@TechReport{ZW03,
  author={Zhang, W. and Wang, Q.},
  year=2003,
  title={Changes in {C}hina's urban food consumption and implications for trade},
  institution={Department of Agricultural Economics, Michigan State University}
}

@book{Zi00,
  author = {Zipkin, P.H.},
  year = {2000},
  title = {Foundations of Inventory Management},
  address = {Boston, MA},
  publisher = {McGraw-Hill}
}
